<record><leader>00000cas a2200000 i 4500</leader><controlfield tag="001">905624726</controlfield><controlfield tag="006">m     o  d        </controlfield><controlfield tag="007">cr |||||||||||</controlfield><controlfield tag="008">150325d188u1892miudn n o     0   a0eng  </controlfield><datafield ind1=" " ind2=" " tag="010"><subfield code="a">  2015218620</subfield></datafield><datafield ind1=" " ind2=" " tag="040"><subfield code="a">DLC</subfield><subfield code="b">eng</subfield><subfield code="e">rda</subfield><subfield code="c">DLC</subfield><subfield code="d">DLC</subfield></datafield><datafield ind1="0" ind2=" " tag="022"><subfield code="a">2378-0711</subfield><subfield code="2">1</subfield></datafield><datafield ind1=" " ind2=" " tag="042"><subfield code="a">pcc</subfield><subfield code="a">nsdp</subfield></datafield><datafield ind1=" " ind2=" " tag="043"><subfield code="a">n-us-mi</subfield></datafield><datafield ind1="1" ind2="0" tag="050"><subfield code="a">ISSN RECORD</subfield></datafield><datafield ind1="0" ind2="0" tag="082"><subfield code="a">071</subfield><subfield code="2">23</subfield></datafield><datafield ind1="0" ind2=" " tag="130"><subfield code="a">Telegram-herald (Grand Rapids, Mich.)</subfield></datafield><datafield ind1=" " ind2="0" tag="222"><subfield code="a">Telegram-herald</subfield><subfield code="b">(Grand Rapids, Mich. Online)</subfield></datafield><datafield ind1="1" ind2="0" tag="245"><subfield code="a">Telegram-herald.</subfield></datafield><datafield ind1="3" ind2=" " tag="246"><subfield code="a">Sunday telegram-herald</subfield></datafield><datafield ind1=" " ind2="1" tag="264"><subfield code="a">Grand Rapids, Mich. :</subfield><subfield code="b">[publisher not identified]</subfield></datafield><datafield ind1=" " ind2=" " tag="300"><subfield code="a">1 online resource</subfield></datafield><datafield ind1=" " ind2=" " tag="310"><subfield code="a">Daily</subfield></datafield><datafield ind1=" " ind2=" " tag="336"><subfield code="a">text</subfield><subfield code="b">txt</subfield><subfield code="2">rdacontent</subfield></datafield><datafield ind1=" " ind2=" " tag="337"><subfield code="a">computer</subfield><subfield code="b">c</subfield><subfield code="2">rdamedia</subfield></datafield><datafield ind1=" " ind2=" " tag="338"><subfield code="a">online resource</subfield><subfield code="b">cr</subfield><subfield code="2">rdacarrier</subfield></datafield><datafield ind1="1" ind2=" " tag="362"><subfield code="a">Ceased January 2, 1892.</subfield></datafield><datafield ind1=" " ind2=" " tag="500"><subfield code="a">Publisher: The Telegram Publishing Company, &lt;December 27, 1890&gt;.</subfield></datafield><datafield ind1=" " ind2=" " tag="500"><subfield code="a">Sunday issues called: Sunday telegram-herald, &lt;Aug. 9, 1891&gt;-Dec. 27, 1891.</subfield></datafield><datafield ind1=" " ind2=" " tag="515"><subfield code="a">Issue called: Vol. 7, no. 218 (Aug. 7, 1891).</subfield></datafield><datafield ind1=" " ind2=" " tag="588"><subfield code="a">Description based on: Volume III, number 90 (April 17,1886); title from masthead (Chroniclingamerica.loc.gov, viewed March 25, 2015).</subfield></datafield><datafield ind1=" " ind2=" " tag="588"><subfield code="a">Latest issue consulted: Vol. VII, no. 361 (December 27, 1890) (Chroniclingamerica.loc.gov, viewed March 25, 2015).</subfield></datafield><datafield ind1=" " ind2="0" tag="651"><subfield code="a">Grand Rapids (Mich.)</subfield><subfield code="v">Newspapers.</subfield></datafield><datafield ind1=" " ind2="0" tag="651"><subfield code="a">Kent County (Mich.)</subfield><subfield code="v">Newspapers.</subfield></datafield><datafield ind1=" " ind2="7" tag="651"><subfield code="a">Michigan</subfield><subfield code="z">Grand Rapids.</subfield><subfield code="2">fast</subfield><subfield code="0">(OCoLC)fst01206920</subfield></datafield><datafield ind1=" " ind2="7" tag="651"><subfield code="a">Michigan</subfield><subfield code="z">Kent County.</subfield><subfield code="2">fast</subfield><subfield code="0">(OCoLC)fst01202912</subfield></datafield><datafield ind1=" " ind2="7" tag="655"><subfield code="a">Newspapers.</subfield><subfield code="2">fast</subfield><subfield code="0">(OCoLC)fst01423814</subfield></datafield><datafield ind1=" " ind2=" " tag="752"><subfield code="a">United States</subfield><subfield code="b">Michigan</subfield><subfield code="c">Kent</subfield><subfield code="d">Grand Rapids.</subfield></datafield><datafield ind1="0" ind2="8" tag="776"><subfield code="i">Originally issued in print:</subfield><subfield code="t">Telegram-herald</subfield><subfield code="x">2378-0703</subfield><subfield code="w">(DLC)sn 98066392</subfield><subfield code="w">(OCoLC)39681809</subfield></datafield><datafield ind1="0" ind2="4" tag="780"><subfield code="t">Brezee's Grand Rapids herald</subfield></datafield><datafield ind1="0" ind2="4" tag="780"><subfield code="t">Grand Rapids morning telegram</subfield><subfield code="x">2378-0681</subfield><subfield code="w">(DLC)  2015218619</subfield><subfield code="w">(OCoLC)905622102</subfield></datafield><datafield ind1="0" ind2="0" tag="785"><subfield code="t">Grand Rapids herald (Grand Rapids, Mich.)</subfield></datafield><datafield ind1="4" ind2="0" tag="856"><subfield code="u">http://www.loc.gov/chroniclingamerica/lccn/sn98066392/issues</subfield></datafield></record>